@InProceedings{improving,
author="Perronnin, Florent
and S{\'a}nchez, Jorge
and Mensink, Thomas",
editor="Daniilidis, Kostas
and Maragos, Petros
and Paragios, Nikos",
title="Improving the Fisher Kernel for Large-Scale Image Classification",
booktitle="Computer Vision -- ECCV 2010",
year="2010",
publisher="Springer Berlin Heidelberg",
address="Berlin, Heidelberg",
pages="143--156",
isbn="978-3-642-15561-1"
}

